@article{cap12,
  author={Brewer, Eric},
  title={\textsc{cap} Twelve Years Later: How the `Rules' Have Changed},
  journal={Computer},
  volume={45},
  number={2},
  issn={0018-9162},
  year={2012},
  pages={23-29},
  doi={http://doi.ieeecomputersociety.org/10.1109/MC.2012.37},
  publisher={\textsc{ieee} Computer Society},
  address={Los Alamitos, CA, USA},
}

@inproceedings{cap,
  title={Harvest, yield, and scalable tolerant systems},
  author={Fox, Armando and Brewer, Eric},
  booktitle={Proceedings of the Seventh Workshop on Hot Topics in Operating Systems},
  pages={174--178},
  year={1999},
  organization={\textsc{ieee}}
}

@article{capproof,
  title={Brewer's conjecture and the feasibility of consistent, available, partition-tolerant web services},
  author={Gilbert, Seth and Lynch, Nancy},
  journal={\textsc{acm} \textsc{sigact} News},
  volume={33},
  number={2},
  pages={51--59},
  year={2002},
  publisher={\textsc{acm}}
}

@misc{raft,
  title={In Search of an Understandable Consensus Algorithm},
  author={Ongaro, Diego and Ousterhout, John},
  howpublished={\url{https://ramcloud.stanford.edu/raft.pdf}},
  note={Last updated October~7, 2013}
}

@misc{proof,
  title={Safety Proof and Formal Specification for {Raft}},
  author={Ongaro, Diego and Ousterhout, John},
  howpublished={\url{https://ramcloud.stanford.edu/~ongaro/raftproof.pdf}},
  note={Last updated March~28, 2013}
}

@misc{needp,
  title={You Can't Sacrifice Partition Tolerance},
  author={Hale, Coda},
  year={2010},
  howpublished={\url{http://codahale.com/you-cant-sacrifice-partition-tolerance/}}
}

@article{paxos,
  title={The part-time parliament},
  author={Lamport, Leslie},
  journal={\textsc{acm} Transactions on Computer Systems (\textsc{tocs})},
  volume={16},
  number={2},
  pages={133--169},
  year={1998},
  publisher={\textsc{acm}}
}

@misc{raftlecture,
  title={{Raft} lecture ({Raft} user study)},
  author={Ongaro, Diego and Ousterhout, John},
  howpublished={\url{http://youtu.be/YbZ3zDzDnrw}},
  note={Published on August~14, 2013}
}

@misc{paxoslecture,
  title={{Paxos} lecture ({Raft} user study)},
  author={Ongaro, Diego and Ousterhout, John},
  howpublished={\url{http://youtu.be/JEpsBg0AO6o}},
  note={Published on August~14, 2013}
}

@book{voting,
  title={Specification and analytical evaluation of heterogeneous dynamic quorum-based data replication schemes},
  author={Storm, Christian},
  year={2011},
  publisher={Springer}
}

@book{lysefgg,
  title={Learn You Some {Erlang} for Great Good!: A Beginner's Guide},
  author={H{\'e}bert, Fred},
  year={2013},
  publisher={No Starch Press}
}

@phdthesis{okasaki,
  title={Purely functional data structures},
  author={Okasaki, Chris},
  year={1996},
  school={Carnegie Mellon University}
}
